@misc{Bischoff2025,
  author       = {Bischoff, Marco},
  title        = {Brightest: A processing and analysis tool for astronomical images},
  year         = {2025},
  publisher    = {GitHub},
  journal      = {GitHub repository},
  howpublished = {\url{https://github.com/bischoff-m/brightest}}
}

@misc{rawkit2025,
  author       = {Whited, Sam and Paul, Cameron and others},
  title        = {Rawkit: Ctypes based libraw bindings},
  year         = {2025},
  publisher    = {GitHub},
  journal      = {GitHub repository},
  howpublished = {\url{https://github.com/photoshell/rawkit}}
}

@article{opencv2000,
  author               = {Bradski, G.},
  citeulike-article-id = {2236121},
  journal              = {Dr. Dobb's Journal of Software Tools},
  posted-at            = {2008-01-15 19:21:54},
  priority             = {4},
  title                = {{The OpenCV Library}},
  year                 = {2000}
}

@article{astrometry2010,
  author  = {{Lang}, D. and {Hogg}, D. W. and {Mierle}, K. and {Blanton}, M. and {Roweis}, S.},
  title   = {{Astrometry.net: Blind astrometric calibration of arbitrary astronomical images}},
  journal = {AJ},
  year    = 2010,
  volume  = {137},
  pages   = {1782--2800},
  note    = {arXiv:0910.2233},
  adsurl  = {http://adsabs.harvard.edu/abs/2009arXiv0910.2233L}
}

@article{astropy2022,
  author        = {{Astropy Collaboration} and {Price-Whelan}, Adrian M. and {Lim}, Pey Lian and others},
  title         = {{The Astropy Project: Sustaining and Growing a Community-oriented Open-source Project and the Latest Major Release (v5.0) of the Core Package}},
  journal       = {APJ},
  keywords      = {Astronomy software, Open source software, Astronomy data analysis, 1855, 1866, 1858, Astrophysics - Instrumentation and Methods for Astrophysics},
  year          = 2022,
  month         = aug,
  volume        = {935},
  number        = {2},
  eid           = {167},
  pages         = {167},
  doi           = {10.3847/1538-4357/ac7c74},
  archiveprefix = {arXiv},
  eprint        = {2206.14220},
  primaryclass  = {astro-ph.IM},
  adsurl        = {https://ui.adsabs.harvard.edu/abs/2022ApJ...935..167A},
  adsnote       = {Provided by the SAO/NASA Astrophysics Data System}
}

@article{astroquery2019,
  author        = {{Ginsburg}, A. and {Sipocz}, B. M. and {Brasseur}, C. E. and {Cowperthwaite}, P. S. and others},
  title         = {{astroquery: An Astronomical Web-querying Package in Python}},
  journal       = {AJ},
  archiveprefix = {arXiv},
  eprint        = {1901.04520},
  primaryclass  = {astro-ph.IM},
  keywords      = {astronomical databases: miscellaneous, virtual observatory tools},
  year          = 2019,
  month         = mar,
  volume        = 157,
  eid           = {98},
  pages         = {98},
  doi           = {10.3847/1538-3881/aafc33},
  adsurl        = {https://adsabs.harvard.edu/abs/2019AJ....157...98G},
  adsnote       = {Provided by the SAO/NASA Astrophysics Data System}
}

@article{Wenger_2000,
  title     = {The SIMBAD astronomical database: The CDS reference database for astronomical objects},
  volume    = {143},
  issn      = {1286-4846},
  url       = {http://dx.doi.org/10.1051/aas:2000332},
  doi       = {10.1051/aas:2000332},
  number    = {1},
  journal   = {Astronomy and Astrophysics Supplement Series},
  publisher = {EDP Sciences},
  author    = {Wenger, M. and Ochsenbein, F. and Egret, D. and Dubois, P. and Bonnarel, F. and Borde, S. and Genova, F. and Jasniewicz, G. and LaloÃ«, S. and Lesteven, S. and Monier, R.},
  year      = {2000},
  month     = apr,
  pages     = {9-22}
}

@article{scikit-learn,
  title   = {Scikit-learn: Machine Learning in {P}ython},
  author  = {Pedregosa, F. and Varoquaux, G. and Gramfort, A. and Michel, V.
             and Thirion, B. and Grisel, O. and Blondel, M. and Prettenhofer, P.
             and Weiss, R. and Dubourg, V. and Vanderplas, J. and Passos, A. and
             Cournapeau, D. and Brucher, M. and Perrot, M. and Duchesnay, E.},
  journal = {Journal of Machine Learning Research},
  volume  = {12},
  pages   = {2825--2830},
  year    = {2011}
}

@article{scipy2020,
  author  = {Virtanen, Pauli and Gommers, Ralf and Oliphant, Travis E. and
             Haberland, Matt and Reddy, Tyler and Cournapeau, David and
             Burovski, Evgeni and Peterson, Pearu and Weckesser, Warren and
             Bright, Jonathan and {van der Walt}, St{\'e}fan J. and
             Brett, Matthew and Wilson, Joshua and Millman, K. Jarrod and
             Mayorov, Nikolay and Nelson, Andrew R. J. and Jones, Eric and
             Kern, Robert and Larson, Eric and Carey, C J and
             Polat, {\.I}lhan and Feng, Yu and Moore, Eric W. and
             {VanderPlas}, Jake and Laxalde, Denis and Perktold, Josef and
             Cimrman, Robert and Henriksen, Ian and Quintero, E. A. and
             Harris, Charles R. and Archibald, Anne M. and
             Ribeiro, Ant{\^o}nio H. and Pedregosa, Fabian and
             {van Mulbregt}, Paul and {SciPy 1.0 Contributors}},
  title   = {{{SciPy} 1.0: Fundamental Algorithms for Scientific
             Computing in Python}},
  journal = {Nature Methods},
  year    = {2020},
  volume  = {17},
  pages   = {261--272},
  adsurl  = {https://rdcu.be/b08Wh},
  doi     = {10.1038/s41592-019-0686-2}
}
